<?xml version='1.0' encoding='utf-8'?>
<record xmlns="http://www.loc.gov/MARC21/slim" xmlns:xsi="http://www.w3.org/2001/XMLSchema-instance" xsi:schemaLocation="http://www.loc.gov/MARC21/slim http://www.loc.gov/standards/marcxml/schema/MARC21slim.xsd">
  <leader>00000npca 22008891u 4500</leader>
  <controlfield tag="005">20150709164802.0</controlfield>
  <controlfield tag="008">950110i19432006miu     |           eng |</controlfield>
  <datafield tag="035" ind1=" " ind2=" ">
    <subfield code="a">(RLIN)MIUV85-A2153</subfield>
  </datafield>
  <datafield tag="035" ind1=" " ind2=" ">
    <subfield code="a">(OCoLC)ocm78292951</subfield>
  </datafield>
  <datafield tag="040" ind1=" " ind2=" ">
    <subfield code="a">MiU-H</subfield>
    <subfield code="c">MiU-H</subfield>
    <subfield code="e">appm</subfield>
    <subfield code="d">MiU</subfield>
  </datafield>
  <datafield tag="100" ind1="1" ind2=" ">
    <subfield code="a">Peterson, Elly Maude,</subfield>
    <subfield code="d">1914-2008.</subfield>
  </datafield>
  <datafield tag="245" ind1="1" ind2="0">
    <subfield code="a">Elly Peterson papers,</subfield>
    <subfield code="f">1943-2006</subfield>
    <subfield code="g">(bulk 1961-1980).</subfield>
  </datafield>
  <datafield tag="300" ind1=" " ind2=" ">
    <subfield code="a">25 linear ft., 4 v. [outsize], and 1 oversize folder.</subfield>
  </datafield>
  <datafield tag="555" ind1="0" ind2=" ">
    <subfield code="a">Finding aid in the library</subfield>
  </datafield>
  <datafield tag="555" ind1="0" ind2=" ">
    <subfield code="a">Finding aid available via World Wide Web at URL: http://quod.lib.umich.edu/cgi/f/findaid/findaid-idx?c=bhlead&amp;idno=umich-bhl-852153</subfield>
  </datafield>
  <datafield tag="500" ind1=" " ind2=" ">
    <subfield code="a">Donor: 4155</subfield>
  </datafield>
  <datafield tag="500" ind1=" " ind2=" ">
    <subfield code="a">Photographs described separately.</subfield>
  </datafield>
  <datafield tag="545" ind1="0" ind2=" ">
    <subfield code="a">Charlotte, Mich., resident, state chairperson of Republican Party, and assistant chairperson of Republican National Committee.</subfield>
  </datafield>
  <datafield tag="545" ind1=" " ind2=" ">
    <subfield code="b">Beginning in the mid-1950s, Elly Peterson worked for the Republican State Central Committee in a number of different capacities, doing secretarial work and performing various campaign assignments. For some of this period of time, roughly 1957 to 1961, Peterson served as aide to state party chairman, Lawrence B. Lindemer. In 1961, the level of her responsibilities increased when she was appointed Republican field service representative and later Republican state vice chairman.</subfield>
  </datafield>
  <datafield tag="545" ind1=" " ind2=" ">
    <subfield code="b">She was re-elected to this two-year position in 1963. In 1965, she was elected Republican state chairman, the first woman from a major political party to receive that honor. She served until 1969 when she went to work for the national Republican party.</subfield>
  </datafield>
  <datafield tag="545" ind1=" " ind2=" ">
    <subfield code="b">Elly Peterson was closely associated with the successful campaigns of Governor George Romney, where her organizational skills, especially in enlisting the support of women voters, had propelled the Michigan governor into the national spotlight as a strong presidential possibility. She was selected assistant chairman of the Republican National Committee from 1963 until July 1964 (when she resigned to run unsuccessfully against Philip Hart for his United States Senate seat).</subfield>
  </datafield>
  <datafield tag="545" ind1=" " ind2=" ">
    <subfield code="b">She was re-appointed assistant chairman in 1969 serving until December 1970 when she temporarily retired from partisan politics. As assistant chairman, Peterson was responsible for the Action Now program that was established to involve special voter groups in party politics. During the next several years in the 1970s, Peterson was involved in a number of different women's organiations.</subfield>
  </datafield>
  <datafield tag="545" ind1=" " ind2=" ">
    <subfield code="b">Beginning in 1972, Peterson was a member of Delegation for Friendship Among Women and made trips to China and to many of the countries of the Middle East. The purpose of each visit was to promote international friendship among women. In 1974, she served as organizational director of the National Center for Voluntary Action; and in 1975, she contributed her talents to the American Women for International Understanding and the National Commission on the Observance of International Women's Year.</subfield>
  </datafield>
  <datafield tag="545" ind1=" " ind2=" ">
    <subfield code="b">Among all of the issues of this period, Peterson was undoubtably most devoted to passage of the Equal Rights Amendment. In 1976, she was made co-chair (along with Liz Carpenter) of ERAmerica, an organization established to "provide a national focus for the ERA ratification campaign and to channel money and resources into the unratified states." At that time, ratification of the amendment was stalled, and one of the purposes of ERAmerica was to pump money and enthusiasm into the ratification process.</subfield>
  </datafield>
  <datafield tag="545" ind1=" " ind2=" ">
    <subfield code="b">During her two years as co-chair, Peterson was a tireless speaker and effective advocate of the ERA. in 1978, Peterson resigned as co-chair but continued her advocacy in any way she thought useful. In 1976, Peterson interrupted her retirement from Republican party politics when she accepted on an interim basis the position of deputy chairman of the President Ford Committee.</subfield>
  </datafield>
  <datafield tag="545" ind1=" " ind2=" ">
    <subfield code="b">In this organization set-up to run Gerald Ford's election campaign, Peterson was responsible for organizing special voter groups and group volunteers in the presidential campaign. Peterson resigned as deputy chairman after the nominating convention but continued on with People for Ford, an organization that drew together special interest voting blocs.</subfield>
  </datafield>
  <datafield tag="545" ind1=" " ind2=" ">
    <subfield code="b">At the conclusion of the campaign, Peterson continued working for ERAmerica, and then with the failure of the amendment's passage, she devoted herself to civic and charitable organizational work.</subfield>
  </datafield>
  <datafield tag="520" ind1=" " ind2=" ">
    <subfield code="a">The Elly McMillan Peterson papers consis of 7 series: Republican Party Activities, ERAmerican, Other Organizational Activities, Personal/Biographical, Speeches, Photographs, Scrapbooks/Clippings. The first series, and by far the largest set of files, has been labelled Republican Party Activities (17 linear ft.; 1958-1985). Grouped by period of time, this series really covers Peterson's entire career as she was a lifelong Republican. As she held many different positions within the party,</subfield>
  </datafield>
  <datafield tag="520" ind1=" " ind2=" ">
    <subfield code="a">the series naturally breaks down into chronological divisions: 1958-1964, 1965-1970, 1971-1979, and 1980-1985. Each of these chronological divisions begins with a set of files (arranged roughly by chronology) that include correspondence, memoranda, and other forms of communication. These files are then followed by sub-series of material either resulting from specific activities within the party or offices held either within the state or national Republican party.</subfield>
  </datafield>
  <datafield tag="520" ind1=" " ind2=" ">
    <subfield code="a">Thus files pertaining to Peterson's campaign for the U.S. Senate in 1964 will be found within the 1958-1964 division and files created while serving with the President Ford Committee in 1976 will be found in the 1971-1979 division. Other Republican party material will of course be found within genre series - Speeches, Photographs, and Scrapbooks/Clippings. The second series - ERAmerica - relates to Peterson's work within this organization to obtain passage of the Equal Rights Amendment.</subfield>
  </datafield>
  <datafield tag="520" ind1=" " ind2=" ">
    <subfield code="a">The series (1.5 lin. ft.; 1971-1982) includes material that predates the establishment of ERAmerica but which relates to women's issues in general. The files have been arranged alphabetically by topic. Papers from Peterson's other group activities have been put into Other Organizaional Activities (1 lin. ft.; 1969-1983). These files document in part Peterson's many trips abroad with women's organizations, notably to China and the Middle East.</subfield>
  </datafield>
  <datafield tag="520" ind1=" " ind2=" ">
    <subfield code="a">Personal/Biographical (.3 lin. ft.; 1955-1981) includes information about awards received by Peterson and some of her private writings. Speeches (1 lin. ft.; 1953-1980) includes both manuscripts of her speeches and also published copies. Other speeches of Peterson will be found (as indicated) in the Republican Party Activities and ERAmerica series. The Photographs series (.3 lin. ft.; ca. 1950-ca. 1976) and the Scrapbooks/Clippings series (2 lin. ft.; 1943-ca. 1980) are self-explanatory.</subfield>
  </datafield>
  <datafield tag="600" ind1="1" ind2="0">
    <subfield code="a">Peterson, Elly Maude,</subfield>
    <subfield code="d">1914-2008.</subfield>
  </datafield>
  <datafield tag="651" ind1=" " ind2="0">
    <subfield code="a">China</subfield>
    <subfield code="x">History</subfield>
    <subfield code="y">1949-</subfield>
  </datafield>
  <datafield tag="650" ind1=" " ind2="0">
    <subfield code="a">Elections</subfield>
    <subfield code="z">Michigan</subfield>
    <subfield code="y">1962.</subfield>
  </datafield>
  <datafield tag="690" ind1=" " ind2="4">
    <subfield code="a">Equal rights amendments</subfield>
    <subfield code="z">United States.</subfield>
  </datafield>
  <datafield tag="650" ind1=" " ind2="0">
    <subfield code="a">International Women's Year, 1975.</subfield>
  </datafield>
  <datafield tag="691" ind1=" " ind2="4">
    <subfield code="a">Michigan</subfield>
    <subfield code="x">Politics and government</subfield>
    <subfield code="y">1961-1970.</subfield>
  </datafield>
  <datafield tag="650" ind1=" " ind2="0">
    <subfield code="a">Politicians</subfield>
    <subfield code="z">Michigan.</subfield>
  </datafield>
  <datafield tag="650" ind1=" " ind2="0">
    <subfield code="a">Presidents</subfield>
    <subfield code="z">United States</subfield>
    <subfield code="x">Election</subfield>
    <subfield code="y">1964.</subfield>
  </datafield>
  <datafield tag="650" ind1=" " ind2="0">
    <subfield code="a">Presidents</subfield>
    <subfield code="z">United States</subfield>
    <subfield code="x">Election</subfield>
    <subfield code="y">1968.</subfield>
  </datafield>
  <datafield tag="650" ind1=" " ind2="0">
    <subfield code="a">Presidents</subfield>
    <subfield code="z">United States</subfield>
    <subfield code="x">Election</subfield>
    <subfield code="y">1976.</subfield>
  </datafield>
  <datafield tag="610" ind1="2" ind2="0">
    <subfield code="a">Republican National Committee (U.S.)</subfield>
  </datafield>
  <datafield tag="610" ind1="2" ind2="0">
    <subfield code="a">Republican Party (Mich.)</subfield>
  </datafield>
  <datafield tag="610" ind1="1" ind2="0">
    <subfield code="a">United States.</subfield>
    <subfield code="b">Congress</subfield>
    <subfield code="x">Elections, 1964.</subfield>
  </datafield>
  <datafield tag="610" ind1="1" ind2="0">
    <subfield code="a">United States.</subfield>
    <subfield code="b">Congress</subfield>
    <subfield code="x">Elections, 1966.</subfield>
  </datafield>
  <datafield tag="610" ind1="1" ind2="0">
    <subfield code="a">United States.</subfield>
    <subfield code="b">Congress</subfield>
    <subfield code="x">Elections, 1970.</subfield>
  </datafield>
  <datafield tag="651" ind1=" " ind2="0">
    <subfield code="a">United States</subfield>
    <subfield code="x">Politics and government</subfield>
    <subfield code="y">1945-1989.</subfield>
  </datafield>
  <datafield tag="650" ind1=" " ind2="0">
    <subfield code="a">Women's rights</subfield>
    <subfield code="z">United States.</subfield>
  </datafield>
  <datafield tag="610" ind1="2" ind2="0">
    <subfield code="a">ERAmerica (Organization)</subfield>
  </datafield>
  <datafield tag="610" ind1="2" ind2="0">
    <subfield code="a">American Women for International Understanding.</subfield>
  </datafield>
  <datafield tag="611" ind1="2" ind2="0">
    <subfield code="a">National Women's Conference</subfield>
    <subfield code="n">(1st :</subfield>
    <subfield code="d">1977 :</subfield>
    <subfield code="c">Houston, Tex.)</subfield>
  </datafield>
  <datafield tag="650" ind1=" " ind2="0">
    <subfield code="a">Women</subfield>
    <subfield code="x">Political activity</subfield>
    <subfield code="z">Michigan.</subfield>
  </datafield>
  <datafield tag="655" ind1=" " ind2="7">
    <subfield code="a">Scrapbooks.</subfield>
    <subfield code="2">aat</subfield>
  </datafield>
  <datafield tag="651" ind1=" " ind2="0">
    <subfield code="a">Michigan</subfield>
    <subfield code="x">Politics and government</subfield>
    <subfield code="y">1951-</subfield>
  </datafield>
  <datafield tag="700" ind1="1" ind2=" ">
    <subfield code="a">Bliss, Ray Charles,</subfield>
    <subfield code="d">1907-1981.</subfield>
  </datafield>
  <datafield tag="700" ind1="1" ind2=" ">
    <subfield code="a">Bolger, Ray.</subfield>
  </datafield>
  <datafield tag="700" ind1="1" ind2=" ">
    <subfield code="a">Brooke, Edward W.</subfield>
    <subfield code="q">(Edward William),</subfield>
    <subfield code="d">1919-2015.</subfield>
  </datafield>
  <datafield tag="700" ind1="1" ind2=" ">
    <subfield code="a">Chafee, John H.,</subfield>
    <subfield code="d">1922-1999.</subfield>
  </datafield>
  <datafield tag="700" ind1="1" ind2=" ">
    <subfield code="a">Dirksen, Everett McKinley.</subfield>
  </datafield>
  <datafield tag="700" ind1="1" ind2=" ">
    <subfield code="a">Evans, Daniel J.,</subfield>
    <subfield code="d">1925-</subfield>
  </datafield>
  <datafield tag="700" ind1="1" ind2=" ">
    <subfield code="a">Ford, Gerald R.,</subfield>
    <subfield code="d">1913-2006.</subfield>
  </datafield>
  <datafield tag="700" ind1="1" ind2=" ">
    <subfield code="a">Hart, Philip A.</subfield>
    <subfield code="q">(Philip Aloysius),</subfield>
    <subfield code="d">1912-1976.</subfield>
  </datafield>
  <datafield tag="700" ind1="1" ind2=" ">
    <subfield code="a">Morton, Thruston B.</subfield>
    <subfield code="q">(Thruston Ballard),</subfield>
    <subfield code="d">1907-1982.</subfield>
  </datafield>
  <datafield tag="700" ind1="1" ind2=" ">
    <subfield code="a">Nixon, Richard M.</subfield>
    <subfield code="q">(Richard Milhous),</subfield>
    <subfield code="d">1913-1994.</subfield>
  </datafield>
  <datafield tag="700" ind1="1" ind2=" ">
    <subfield code="a">Percy, Charles H.,</subfield>
    <subfield code="d">1919-2011.</subfield>
  </datafield>
  <datafield tag="700" ind1="1" ind2=" ">
    <subfield code="a">Riegle, Donald W.,</subfield>
    <subfield code="d">1938-</subfield>
  </datafield>
  <datafield tag="700" ind1="1" ind2=" ">
    <subfield code="a">Rockefeller, Nelson A.</subfield>
    <subfield code="q">(Nelson Aldrich),</subfield>
    <subfield code="d">1908-1979.</subfield>
  </datafield>
  <datafield tag="700" ind1="1" ind2=" ">
    <subfield code="a">Romney, George W.,</subfield>
    <subfield code="d">1907-1995.</subfield>
  </datafield>
  <datafield tag="700" ind1="1" ind2=" ">
    <subfield code="a">Romney, Lenore LaFount.</subfield>
  </datafield>
  <datafield tag="700" ind1="1" ind2=" ">
    <subfield code="a">Stassen, Harold E.</subfield>
    <subfield code="q">(Harold Edward),</subfield>
    <subfield code="d">1907-2001.</subfield>
  </datafield>
  <datafield tag="700" ind1="1" ind2=" ">
    <subfield code="a">Wilson, Robert Carlton,</subfield>
    <subfield code="d">1909-</subfield>
  </datafield>
  <datafield tag="852" ind1=" " ind2=" ">
    <subfield code="a">Bentley Historical Library,</subfield>
    <subfield code="b">University of Michigan,</subfield>
    <subfield code="c">Ann Arbor, Michigan 48109-2113</subfield>
  </datafield>
  <datafield tag="856" ind1="4" ind2="2">
    <subfield code="3">Finding aid:</subfield>
    <subfield code="u">http://quod.lib.umich.edu/cgi/f/findaid/findaid-idx?c=bhlead&amp;idno=umich-bhl-852153</subfield>
  </datafield>
  <datafield tag="997" ind1=" " ind2=" ">
    <subfield code="a">MARS</subfield>
  </datafield>
  <datafield tag="998" ind1=" " ind2=" ">
    <subfield code="s">9554</subfield>
  </datafield>
</record>
